@misc{irs, 
url={https://www.irs.gov/statistics/soi-tax-stats-individual-income-tax-statistics-zip-code-data-soi}, 
journal={Internal Revenue Service}} 

@misc{kaggle, 
url={https://www.kaggle.com/datasets/jainaru/electric-vehicle-population}, 
journal={kaggle}} 
